@article{BPLPmatching,
title={Belief Propagation and LP Relaxation for Weighted Matching in General Graphs},
author={Sujay Sanghavi, Dmitry Malioutov, Alan Willsky},
journal={IEEE Transactions on Information Theory},
volume={57},
number={4},
year={2011}
}

@online{wiki_hungarian,
title={Hungarian Algorithm},
author={Wikipedia},
url={http://en.wikipedia.org/wiki/Hungarian_algorithm}
}

@online{sparseMatrix,
title={The University of Florida Sparse Matrix Collection},
url={http://www.cise.ufl.edu/research/sparse/matrices/}
}
@online{wiki_blossom,
title={Blossom Algorithm},
author={Wikipedia},
url={http://en.wikipedia.org/wiki/Blossom_algorithm}
}

@article{blossom,
title={An {$O(V^{1/2}E)$} algorithm for finding maximum matching in general graphs},
author={Micali Silvio, Vazirani Vijay},
year={1980},
journal={21st Annual Symposium on Foundations of Computer Science},
publisher={IEEE},
pages={17-27}
}

@article{BPLP,
title={Belief Propagation for Linear Programming},
author={Andrew E. Gelfand, Jinwoo Shin, Michael Chertkov},
journal={ISIT},
year={2013},
pages={2249--2253},
publisher={IEEE}
}


@inproceedings{powerGraph,
title={PowerGraph: Distributed Graph-Parallel Computation on Natural Graphs},
author={J, Gonzalez, Y. Low, H. Gu, D. Bickson, C. Guestrin},
organization={OSDI},
year={2012},
booktitle={Proceedings of the 10th USENIX conference on Operating systems design and implementation}
}

@inproceedings{splashBP,
title={Residual splash for optimally parallelizing belief propagation},
author={Joseph Gonzalez, Yucheng Low, Carlos Guestrin},
year={2009},
organization={AISTATS}
}

@inproceedings{ZooKeeper,
title={ZooKeeper: Wait-free coordination for Internet-scale systems},
author={Patrick Hunt, Mahadev Konar, Flavio P. Junqueira, Benjamin Reed},
year={2010},
organization={USENIX},
booktitle={Proceedings of the 2010 USENIX conference on USENIX annual technical conference}
}

@article {BPflow,
title={"Belief propagation for min-cost network flow: convergence \& correctness"},
author={D. Gamarnik, D. Shah, Y. Wei},
year={2010},
journal={SODA},
pages={279-292}
}

@article {BPmatching, 
title={Max-product for maximum weight matching: Convergence, correctness, and lp duality},
author={M. bayati, D. shah, M. Sharma},
journal={IEEE Transactions on Information Theory},
volume={54},
number={3},
year={2008},
pages={1241--1251}
}




